<collection xmlns="http://www.loc.gov/MARC21/slim">
<record>
  <leader>00915nam0a22002291i 450 </leader>
  <controlfield tag="001">IT\ICCU\CNCE\033260</controlfield>
  <controlfield tag="005">19971217000000.0</controlfield>
  <datafield tag="012" ind1=" " ind2=" ">
    <subfield code="a">stis i.er emoc qufu (C) 1505 (R)</subfield>
    <subfield code="2">fei</subfield>
  </datafield>
  <datafield tag="100" ind1=" " ind2=" ">
    <subfield code="a">19971217d1505        0itac0103    ba</subfield>
  </datafield>
  <datafield tag="101" ind1=" " ind2=" ">
    <subfield code="a">LAT</subfield>
  </datafield>
  <datafield tag="102" ind1=" " ind2=" ">
    <subfield code="a">IT</subfield>
  </datafield>
  <datafield tag="200" ind1="1" ind2=" ">
    <subfield code="a">Repetitio L. i. C. de caducis tollen. per Matheum de Ubaldis ... perusinus</subfield>
  </datafield>
  <datafield tag="210" ind1=" " ind2=" ">
    <subfield code="e">Rome</subfield>
    <subfield code="g">per Ioannem Besicken</subfield>
    <subfield code="h">1505</subfield>
  </datafield>
  <datafield tag="215" ind1=" " ind2=" ">
    <subfield code="a">\44! c.</subfield>
    <subfield code="d">fol</subfield>
  </datafield>
  <datafield tag="620" ind1=" " ind2=" ">
    <subfield code="a">IT</subfield>
    <subfield code="d">Roma</subfield>
  </datafield>
  <datafield tag="700" ind1=" " ind2="1">
    <subfield code="a">Ubaldi,</subfield>
    <subfield code="b">Matteo : degli</subfield>
    <subfield code="3">IT\ICCU\CNCA\009627</subfield>
  </datafield>
  <datafield tag="712" ind1="0" ind2="0">
    <subfield code="a">Besicken, Johann</subfield>
    <subfield code="3">IT\ICCU\CNCT\000511</subfield>
    <subfield code="4">650</subfield>
  </datafield>
  <datafield tag="790" ind1=" " ind2="1">
    <subfield code="a">Ubaldis,</subfield>
    <subfield code="b">Matthaeus : de</subfield>
    <subfield code="3">IT\ICCU\CNCA\025275</subfield>
    <subfield code="z">Ubaldi, Matteo : degli</subfield>
  </datafield>
  <datafield tag="790" ind1=" " ind2="1">
    <subfield code="a">Baldeschi,</subfield>
    <subfield code="b">Matteo</subfield>
    <subfield code="3">IT\ICCU\CNCA\025336</subfield>
    <subfield code="z">Ubaldi, Matteo : degli</subfield>
  </datafield>
  <datafield tag="801" ind1=" " ind2="3">
    <subfield code="a">IT</subfield>
    <subfield code="b">ICCU</subfield>
    <subfield code="c">20201114</subfield>
  </datafield>
  <datafield tag="899" ind1=" " ind2=" ">
    <subfield code="a">Biblioteca comunale Augusta. Perugia</subfield>
    <subfield code="1">PG0109</subfield>
    <subfield code="2">UM1 01</subfield>
  </datafield>
  <datafield tag="899" ind1=" " ind2=" ">
    <subfield code="a">Biblioteca dell&apos;Accademia nazionale dei Lincei e Corsiniana. Roma</subfield>
    <subfield code="1">RM0418</subfield>
    <subfield code="2">RML 10</subfield>
  </datafield>
</record>
</collection>
